@book{Iliad_1999,
	author = {Homer},
	date = {1999},
	title = {The Iliad},
	edition = {2},
	editor = {G. P. Goold},
	translator = {A. T. Murray},
	language = {Greek and English},
	origlanguage = {Greek},
	volumes = {2},
	location = {Cambridge},
	publisher = {Harvard University Press},
	keywords = {Primary, Literary}
}

@book{Odyssey_1999,
	author = {Homer},
	date = {1999},
	title = {The Odyssey},
	edition = {2},
	editor = {G. P. Goold},
	translator = {A. T. Murray},
	language = {Greek and English},
	origlanguage = {Greek},
	volumes = {2},
	location = {Cambridge},
	publisher = {Harvard University Press},
	keywords = {Primary, Literary}
}

@book{Chadwick_1973,
	author = {John Chadwick and Michael Ventris},
	date = {1973},
	title = {Documents in Mycenaean Greek},
	edition = {2},
	language = {English},
	location = {Cambridge},
	publisher = {Cambridge University Press},
	url = {https://ia800101.us.archive.org/15/items/MichaelVentrisJohnChadwickDocumentsInMYCENAEANGREEKIlovepdfCompressed/Michael_Ventris\%2C__John_Chadwick\%5D_Documents_in_MYCENAEAN\%20GREEK-ilovepdf-compressed.pdf},
	keywords = {Primary, Archaeological}
}

@incollection{Epigraphy,
    author = {Vasileios L. Aravantinos},
    url = {https://www.fotothiva.com/uploads/2/5/4/8/25485737/v._aravantinos_inscriptionsherakl._berk..pdf},
    title = {The Inscriptions from the Sanctuary of Herakles at Thebes},
    booktitle = {The Epigraphy and History of Boeotia},
    subtitle = {An Overview},
    year = {2014},
    pages = {149--210},
    publisher = {Koninklijke Brill NV},
    location = {Leiden},
    doi = {10.1163/9789004273856_008},
    keywords = {Primary, Archaeological, InBinder}
}

@article{Kioniskos,
 ISSN = {00682454},
 URL = {http://www.jstor.org/stable/30073262},
 author = {Vassilis L. Aravantinos},
 journal = {The Annual of the British School at Athens},
 pages = {369--377},
 publisher = {[British School at Athens, Cambridge University Press]},
 title = {A New Inscribed Kioniskos from Thebes},
 volume = {101},
 year = {2006},
 keywords = {Primary, Archaeological, Jstor}
}

@article{Rhodian,
 ISSN = {00029475, 10863168},
 URL = {http://www.jstor.org/stable/288474},
 author = {T. Leslie Shear},
 journal = {The American Journal of Philology},
 number = {4},
 pages = {461--466},
 publisher = {Johns Hopkins University Press},
 title = {A New Rhodian Inscription},
 volume = {29},
 year = {1908},
 keywords = {Primary, Archaeological, Jstor}
}
