@book{Allen_1968,
	author = {W. Sidney Allen},
	date = {1968},
	title = {Vox Graeca},
	subtitle = {A Guide to the Pronunciation of Classical Greek},
	location = {Cambridge},
	publisher = {Cambridge University Press},
	keywords = {Secondary}
}

@reference{Apte_1996,
	author = {V. G. Apte},
	date = {1996},
	title = {Hoppocrene Concise Dictionary},
	subtitle = {Sanskrit-English},
	location = {New York},
	publisher = {Hippocrene Books},
	keywords = {Secondary, Dictionary}
}

@reference{Beekes_2009,
	author = {Robert Beekes},
	date = {2009},
	title = {Etymological Greek Dictionary},
	publisher = {Brill Publishers},
	keywords = {Secondary, Dictionary}
}

@reference{Bhattacarya_1873,
	author = {Tārānātha Tarkavācaspati Bhaṭṭācārya},
	date = {1873},
	title = {Vachaspatya},
	subtitle = {A Comprehensive Sanskrit Dictionary},
	location = {Calcutta},
	publisher = {Kavya Prakasha Press},
	keywords = {Secondary, Dictionary}
}

@article{Chadwick_1873,
	author = {John Chadwick and Lydia Baumbach},
	date = {1963},
	title = {The Mycenaean Greek Vocabulary},
	journal = {Glotta},
	publisher = {Vandenhoeck \& Ruprecht (GmbH \& Co. KG)},
	volume = {41},
	number = {3/4},
	pages = {157-271},
	url = {http://www.jstor.org/stable/40265918},
	keywords = {Secondary}
}

@incollection{Classification,
	author = {M. Karali},
	date = {2015},
	title = {The Classification of the Ancient Greek Dialects},
	booktitle = {A History of Ancient Greek from the Beginnings to Late Antiquity},
	translator = {Chris Markham},
	pages = {387-394},
	keywords = {Secondary, Christidis}
}

@incollection{Cypriot_Syllabary,
    author = {M. Karali},
    date = {2105},
    volume = {1},
    title = {The Cypriot Syllabary},
    booktitle = {A History of Ancient greek from the Beginnings to Late Antiquity},
    translator = {W. J. Lillie},
    pages = {239 -- 242},
    keywords = {Secondary, Christidis}
}

@incollection{Mycenaean,
	author = {J. Chadwick},
    date = {2105},
    volume = {1},
	title = {Mycenaean Greek},
	booktitle = {A History of Ancient Greek from the Beginnings to Late Antiquity},
	pages = {395-404},
	keywords = {Secondary, Christidis}
}

@incollection{Ionic_and_Attic,
	author = {A. Panayotou},
    date = {2105},
    volume = {1},
	title = {Ionic and Attic},
	booktitle = {A History of Ancient Greek from the Beginnings to Late Antiquity},
	translator = {Chris Markham},
	pages = {405-416},
	keywords = {Secondary, Christidis}
}

@incollection{Arcado-Cypriot,
	author = {A. Panayotou},
    date = {2105},
    volume = {1},
	title = {Arcado-Cypriot},
	booktitle = {A History of Ancient Greek from the Beginnings to Late Antiquity},
	translator = {Chris Markham},
	pages = {417-432},
	keywords = {Secondary, Christidis}
}

@incollection{Macedonian,
	author = {A. Panayotou},
    date = {2105},
    volume = {1},
	title = {The Position of the Macedonian Dialect},
	booktitle = {A History of Ancient Greek from the Beginnings to Late Antiquity},
	translator = {Chris Markham},
	pages = {433-443},
	keywords = {Secondary, Christidis}
}

@incollection{Doric,
	author = {J. Méndez Dosuna},
    date = {2105},
    volume = {1},
	title = {The Doric Dialects},
	booktitle = {A History of Ancient Greek from the Beginnings to Late Antiquity},
	pages = {444-459},
	keywords = {Secondary, Christidis}
}

@incollection{Aeolic,
	author = {J. Méndez Dosuna},
    date = {2105},
    volume = {1},
	title = {The Aeolic Dialects},
	booktitle = {A History of Ancient Greek from the Beginnings to Late Antiquity},
	pages = {460-474},
	keywords = {Secondary, Christidis}
}

@incollection{Homeric,
	author = {C. Horrocks},
    date = {2105},
    volume = {1},
	title = {The Language of Homer},
	booktitle = {A History of Ancient Greek from the Beginnings to Late Antiquity},
	pages = {475-481},
	keywords = {Secondary, Christidis}
}

@reference{Cunliffe_2012,
	author = {Richard John Cunliffe},
	date = {2012},
	title = {A Lexicon of the Homeric Dialect},
	location = {Norman},
	publisher = {University of Oklahoma Press},
	keywords = {Secondary, Dictionary}
}

@reference{Hornblower_2012,
	author = {S. Hornblower and A. Spawforth},
	date = {2012},
	title = {The Oxford Classical Dictionary},
	edition = {4},
	location = {Oxford},
	publisher = {Oxford University Press},
	keywords = {Secondary, Dictionary}
}

@reference{Lewis_1879,
	author = {Charlton T Lewis and Charles Short},
	date = {1879},
	title = {A Latin Dictionary},
	location = {Oxford},
	publisher = {Clarendon Press},
	url = {http://www.perseus.tufts.edu/hopper/text?doc=Perseus\%3Atext\%3A1999.04.0 059\%3Aalphabetic+letter\%3DA },
	keywords = {Secondary, Dictionary}
}
	
@reference{Liddell_1889,
	author = {H. G. Liddell and R. Scott},
	date = {1889},
	title = {An Intermediate Greek-English Lexicon},
	location = {Oxford},
	publisher = {Oxford University Press},
	keywords = {Secondary, Dictionary}
}

@reference{LSJ_1940,
    author = {H. G. Liddell and R. Scott},
    date = {1940},
    title = {A Greek-English Lexicon},
    editor = {Sir Henry Stuart Jones},
    location = {Oxford},
    publisher = {Clarendon Press},
    keywords = {Secondary, Dictionary}
}

@book{Morwood_2002,
	author = {James Morwood},
	date = {2002},
	title = {The Oxford Grammar of Classical Greek},
	publisher = {Oxford University Press},
	keywords = {Secondary}
}

@book{Nagy_1970,
	author = {Gregory Nagy},
	date = {1970},
	title = {Greek Dialects and the Transformation of an Indo-European Process},
	location = {Cambridge},
	publisher = {Harvard University Press},
	keywords = {Secondary}
}

@book{Sihler_1995,
	author = {Andrew L. Sihler},
	date = {1995},
	title = {New Comparative Grammar of Greek and Latin},
	location = {New York},
	publisher = {Oxford University Press},
	keywords = {Secondary}
}

@book{Smyth_2013,
	author = {Herbert Weir Smyth},
	date = {2013},
	title = {Greek Grammar},
	location = {Mansfield},
	publisher = {Martino Publishing},
	keywords = {Secondary}
}

@article{Chronology,
 ISSN = {00171298},
 URL = {http://www.jstor.org/stable/40266347},
 author = {H. Phelps Gates},
 journal = {Glotta},
 number = {1/2},
 pages = {44--52},
 publisher = {Vandenhoeck & Ruprecht (GmbH & Co. KG)},
 title = {On the Chronology of the Attic Rückverwandlung},
 volume = {54},
 year = {1976},
 keywords = {Secondary,InBinder}
}

@article{Hiatus,
    ISSN = {00171298},
    URL = {http://www.jstor.org/stable/40266348},
    author = {B. B. Ford and E. Christian Kopff},
    journal = {Glotta},
    number = {1/2},
    pages = {52--56},
    publisher = {Vandenhoeck & Ruprecht (GmbH & Co. KG)},
    title = {Sappho fr. 31.9: A Defense of the Hiatus},
    volume = {54},
    year = {1976},
    keywords = {Secondary, InBinder}
}

@incollection{Classical_Phonology,
    author = {A. Malikouti-Drachman},
	date = {},
	title = {The Phonology of Classical Greek},
	booktitle = {A History of Ancient Greek from the Beginnings to Late Antiquity},
	translator = {Pietro Bortone},
	pages = {524-544},
	keywords = {Secondary, Christidis},
}

@article{Classical_Meter,
    URL = {https://www.academia.edu/6887703/The_phonology_of_Classical_Greek_meter},
    author = {Christ Golston and Thomas Riad},
    journal = {Linguistics},
    number = {1},
    pages = {97--167},
    publisher = {Walter de Gruyter},
    title = {The Phonology of Classical Greek Meter},
    volume = {38},
    year = {2000},
    keywords = {Secondary, InBinder}
}

@article{Lyric_Meter,
    URL = {https://www.academia.edu/6887701/The_phonology_of_Greek_lyric_meter},
    author = {Chris Golston and Thomas Riad},
    journal = {Linguistics},
    pages = {77--115},
    publisher = {Cambridge University Press},
    title = {The Phonology of Greek Lyric Meter},
    volume = {41},
    year = {2005},
    keywords = {Secondary, InBinder},
    doi = {10.1017/S0022226704003068}
}

@article{Adak_2013,
    URL = {https://www.academia.edu/28920701/Names_ethnicity_and_acculturation_in_the_Pamphylian_Lycian_borderland_in_R._Parker_ed._Personal_Names_in_Ancient_Anatolia_2013_},
    author = {Mustafa Adak},
    journal = {Proceedings of the British Academy},
    pages = {63--78},
    publisher = {The British Academy},
    title = {Names, Ethnicity and Acculturation in the Pamphylian-Lycian Borderland},
    volume = {191},
    year = {2013},
    keywords = {Secondary, InBinder}
}

@article{CompensatoryLengthening,
    URL = {https://www.academia.edu/4491397/Compensatory_Lengthening_in_Ancient_Greek._Phonetics_Phonology_Dialectology},
    author = {Roberto Batisti},
    title = {Compensatory Lengthening in Ancient Greek},
    subtitle = {Phonetics, Phonology, Dialectology},
    keywords = {Secondary, InBinder}
}

@article{SibilantClusters,
    URL = {https://www.academia.edu/35840625/The_outcome_of_liquid_and_sibilant_clusters_in_Ancient_Greek_Ancient_Greek_Linguistics_F._Logozzo_P._Poccetti_eds._De_Gruyter_2017_3-18},
    author = {Roberto Batisti},
    publisher = {Universita di Bologna - Area Biblioteche e Servizi allo Studio},
    title = {The Outcome of Liquid and Sibilant Clusters in Ancient Greek},
    year = {2017},
    keywords = {Secondary, InBinder}
}

@article{MethodologicalRemarks,
    URL = {https://www.academia.edu/4430195/Some_Methodological_Remarks_on_the_Phonology_of_Ancient_Greek_2012_},
    author = {Juraj Franek},
    journal = {Graeco-Latina Brunensia},
    pages = {33--50},
    publisher = {Masarykova Univerzita},
    title = {Some Methodological Remarks on the Phonology of Ancient Greek},
    volume = {17},
    year = {2012},
    keywords = {Secondary, InBinder}
}

@article{NominalInflections,
    URL = {https://www.academia.edu/8028237/Accent_Patterns_and_Nominal_Inflection_in_Ancient_Greek._Cases_of_the_Morphology_-_Phonology_Interface_2012_},
    author = {Konstantinos Kakarikos},
    journal = {Studies in Greek Linguistics},
    pages = {116--127},
    location = {Thessaloniki},
    publisher = {Aristotle University of Thessaloniki},
    title = {Accent Patterns and Nominal Inflection in Ancient Greek},
    subtitle = {Cases of the Morphology--Phonology Interface},
    volume = {32},
    year = {2012},
    keywords = {Secondary, InBinder}
}

@article{NewInscriptions,
    URL = {https://www.academia.edu/8576077/New_Boeotian_Inscriptions_from_Akraiphia_and_Koroneia},
    author = {Yannis Kalliontzis and Nikolaos Papazarkadas},
    journal = {Corpus Inscriptionum Latinarum},
    publisher = {Academiae Scientarium Berolinensis et Brandenburgensis},
    title = {New Boeotian Inscriptions from Akraiphia and Koroneia},
    volume = {4},
    year = {2014},
    keywords = {Secondary, InBinder}
}

@article{WanassaAndDamokoro,
    URL = {https://www.academia.edu/28472589/The_Wanassa_and_the_Damokoro._A_New_Interpretation_of_a_Linear_B_Text_from_Pylos},
    author = {Jorrit M. Kelder and Marco Poelwijk},
    journal = {Greek, Roman, and Byzantine Studies},
    pages = {572--584},
    publisher = {Duke University Press},
    title = {The Wanassa and the Damokoro},
    subtitle = {A New Interpretation of a Linear B Text from Pylos},
    volume = {56},
    year = {2016},
    keywords = {Secondary, InBinder}
}

@article{OnomastischerGrundlage,
    language = {German},
    URL = {https://www.academia.edu/13548331/Ann\%C3\%A4herungen_zur_Geschichte_der_Stadt_Phaselis_auf_onomastischer_Grundlage_Ein_Studium_der_Namen_aus_Phaselis_und_ihrem_Territorium},
    author = {Nihal Türner Önen},
    journal = {Phaselis: Journal of Interdisciplinary Mediterranean Studies},
    pages = {39--67},
    title = {Annäherungen zur Geschichte der Stadt Phaselis auf onomastischer Grundlage},
    subtitle = {Ein Studium der Namen aus Phaselis und ihrem Territorium},
    volume = {1},
    year = {2015},
    keywords = {Secondary, InBinder}
}

@article{WritingTheWanax,
    author = {Vassilis P. Petrakis},
    publisher = {Ediciones Universidad de Salamanca},
    journal = {Minos: Revista de Filología Egea},
    pages = {61--158},
    title = {Writing the \textit{wanax}},
    subtitle = {Spelling Peculiarities of Linear B \textit{wa-na-ka} and their Possible Implications},
    volume = {39},
    year = {2016},
    keywords = {Secondary, InBinder}
}

@article{MagnificentFive,
    URL = {https://www.academia.edu/33466321/The_Magnificent_Five_-_The_Latin_Fifth_Declension_Revisited},
    author = {Dariusz R. Piwowarczyk},
    journal = {Essays in the History of Languages and Linguistics},
    pages = {511--523},
    title = {The Magnificent Five},
    subtitle = {The Latin Fifth Declension Revisited},
    location = {Kraków},
    year = {2017},
    keywords = {Secondary, InBinder}
}

@article{CaseEndings,
    URL = {https://www.academia.edu/29982538/Phonology_of_Greek_Case_Endings},
    author = {Steve Rapaport},
    title = {Phonology of Greek Case Endings},
    year = {2015},
    keywords = {Secondary, InBinder}
}

@article{Problems,
    url = {http://ling.umd.edu/~bridget/pdfs/attic.pdf},
    author = {Bridget Samuels},
    title = {Problems in Attic-Ionic Phonology},
    keywords = {Secondary, InBinder}
}

@article{LengtheningInVedic,
    URL = {https://www.academia.edu/6388101/Compensatory_Lengthening_in_Vedic_and_the_Outcomes_of_Proto-Indo-Iranian_az_and_az_},
    author = {Ryan Sandell},
    title = {Compensatory Lengthening in Vedic and the Outcomes of Proto-Indo-Iranian \textit{*az} and \textit{*a\v{z}}},
    year = {2014},
    keywords = {Secondary, InBinder}
}

@article{Accentuation,
    URL = {https://www.academia.edu/40286415/R_gvedic_\%C5\%9B\%C3\%A1kt\%C4\%ABvant-_Accentuation_and_Statistical_Modeling_of_Allomorph_Selection_in_Vedic_-mant_vant-stems},
    author = {Ryan Sandell},
    title = {\d{R}gvedic \textit{\'{s}\'{a}kt\={i}vant-}},
    subtitle = {Accentutation and Statistical Modeling of Allomorph Selection in Vedic \textit{-mant/-vant}-stems},
    year = {2016},
    keywords = {Secondary, InBinder}
}

@book{Epictetus,
    author = {Epictetus},
    translator = {Elizabeth Carter},
    url = {http://classics.mit.edu/Epictetus/epicench.html},
    title = {The Enchiridion},
    origlanguage = {Ancient Greek},
    language = {English},
    keywords = {Epictetus}
}

@inbook{woodard_2008,
    place={Cambridge}, 
    title={Greek dialects}, 
    DOI={10.1017/CBO9780511486814.006}, 
    booktitle={The Ancient Languages of Europe}, 
    publisher={Cambridge University Press}, 
    author={Woodard, Roger D.}, 
    editor={Woodard, Roger D.Editor}, 
    year={2008}, 
    pages={50–72}},
    keywords = {Secondary}
}

 @book{mallory_adams_2009,
    place={New York, NY},
    title={The Oxford Introduction to Proto-Indo-European and the Proto-Indo-European World},
    publisher={Oxford University Press},
    author={Mallory, J. P. and Adams, D. Q.}, year={2009}
}

 @inbook{malikouti-drachman_bortone_2015,
    place={Cambridge, Cambridgeshire,},
    title={The Phonology of Classical Greek},
    booktitle={A History of Ancient Greek from the Beginnings to Late Antiquity},
    publisher={Cambridge University Press},
    author={Malikouti-Drachman, A. and Bortone, Pietro},
    year={2015},
    pages={525–544}
} 